%% This BibTeX bibliography file was created using BibDesk.
%% http://bibdesk.sourceforge.net/


%% Created for Lauro Cesar Araujo at 2013-08-21 10:57:09 -0300 


%% Saved with string encoding Unicode (UTF-8) 
@article{leite2008interaccoes,
  title={Intera{\c{c}}{\~o}es entre cet{\'a}ceos e aquisi{\c{c}}{\~o}es s{\'\i}smicas mar{\'\i}timas no Brasil},
  author={Parente, Cristiano Leite},
  year={2008},
  publisher={Universidade Federal de Pernambuco}
}

@book{bistafa2018acustica,
  title={Ac{\'u}stica aplicada ao controle do ru{\'\i}do},
  author={Bistafa, Sylvio R},
  year={2018},
  publisher={Editora Blucher}
}

@article{santos2012sistema,
  title={Sistema Internacional de Unidades SI},
  author={Santos, Paulo Roberto da Fonseca},
  year={2012},
  publisher={INMETRO/CICMA/SEPIN}
}

@article{demodelo,
  title = {Um modelo simplificado para ondas sonoras complexas},
  author = {Oliveira, Eduardo Peixoto and Junior, Walter dos Santos Motta},
  year = {2006}
}